<?xml version="1.0" encoding="UTF-8"?><record xmlns="http://www.loc.gov/MARC21/slim" xmlns:cinclude="http://apache.org/cocoon/include/1.0" xmlns:zs="http://www.loc.gov/zing/srw/">
  <leader>00699cz  a2200169n  4500</leader>
  <controlfield tag="001">n  85181253 </controlfield>
  <controlfield tag="003">DLC</controlfield>
  <controlfield tag="005">20080820080242.0</controlfield>
  <controlfield tag="008">851205n| acannaabn          |b aaa      </controlfield>
  <datafield tag="010" ind1=" " ind2=" ">
    <subfield code="a">n  85181253 </subfield>
  </datafield>
  <datafield tag="035" ind1=" " ind2=" ">
    <subfield code="a">(OCoLC)oca01508868</subfield>
  </datafield>
  <datafield tag="040" ind1=" " ind2=" ">
    <subfield code="a">DLC</subfield>
    <subfield code="b">eng</subfield>
    <subfield code="c">DLC</subfield>
    <subfield code="d">DLC</subfield>
    <subfield code="d">OCoLC</subfield>
  </datafield>
  <datafield tag="100" ind1="1" ind2=" ">
    <subfield code="a">Kābis, Yūḥannā</subfield>
  </datafield>
  <datafield tag="400" ind1="1" ind2=" ">
    <subfield code="a">كابس، يوحنا</subfield>
  </datafield>
  <datafield tag="667" ind1=" " ind2=" ">
    <subfield code="a">Machine-derived non-Latin script reference project.</subfield>
  </datafield>
  <datafield tag="667" ind1=" " ind2=" ">
    <subfield code="a">Non-Latin script reference not evaluated.</subfield>
  </datafield>
  <datafield tag="670" ind1=" " ind2=" ">
    <subfield code="a">al-Kanz al-thamīn fī mukhtasar siyar al-ābāʼ al-qiddīsīn al-Miṣrīyīn, 1981:</subfield>
    <subfield code="b">t.p (al-Anbā Yūḥannā Kābis, asqaf Kilyūbuṭrīs, (al-musāʻid al-baṭriyarkī lil-Aqbāṭ al-Kāthūlīk)</subfield>
  </datafield>
</record>